%YAML 1.1
%TAG !u! tag:unity3d.com,2011:
--- !u!1 &2775410396734903753
GameObject:
  m_ObjectHideFlags: 0
  m_CorrespondingSourceObject: {fileID: 0}
  m_PrefabInstance: {fileID: 0}
  m_PrefabAsset: {fileID: 0}
  serializedVersion: 6
  m_Component:
  - component: {fileID: 2775410396734903754}
  - component: {fileID: 2775410396734903757}
  - component: {fileID: 2775410396734903756}
  - component: {fileID: 2775410396734903755}
  - component: {fileID: 3071128445819132878}
  m_Layer: 5
  m_Name: btnStartGame
  m_TagString: Untagged
  m_Icon: {fileID: 0}
  m_NavMeshLayer: 0
  m_StaticEditorFlags: 0
  m_IsActive: 1
--- !u!224 &2775410396734903754
RectTransform:
  m_ObjectHideFlags: 0
  m_CorrespondingSourceObject: {fileID: 0}
  m_PrefabInstance: {fileID: 0}
  m_PrefabAsset: {fileID: 0}
  m_GameObject: {fileID: 2775410396734903753}
  m_LocalRotation: {x: 0, y: 0, z: 0, w: 1}
  m_LocalPosition: {x: 0, y: 0, z: 0}
  m_LocalScale: {x: 1, y: 1, z: 1}
  m_Children:
  - {fileID: 2775410398362585997}
  m_Father: {fileID: 2775410398313951020}
  m_RootOrder: 2
  m_LocalEulerAnglesHint: {x: 0, y: 0, z: 0}
  m_AnchorMin: {x: 0.5, y: 0}
  m_AnchorMax: {x: 0.5, y: 0}
  m_AnchoredPosition: {x: 0, y: 100}
  m_SizeDelta: {x: 300, y: 80}
  m_Pivot: {x: 0.5, y: 0.5}
--- !u!222 &2775410396734903757
CanvasRenderer:
  m_ObjectHideFlags: 0
  m_CorrespondingSourceObject: {fileID: 0}
  m_PrefabInstance: {fileID: 0}
  m_PrefabAsset: {fileID: 0}
  m_GameObject: {fileID: 2775410396734903753}
  m_CullTransparentMesh: 0
--- !u!114 &2775410396734903756
MonoBehaviour:
  m_ObjectHideFlags: 0
  m_CorrespondingSourceObject: {fileID: 0}
  m_PrefabInstance: {fileID: 0}
  m_PrefabAsset: {fileID: 0}
  m_GameObject: {fileID: 2775410396734903753}
  m_Enabled: 1
  m_EditorHideFlags: 0
  m_Script: {fileID: 11500000, guid: fe87c0e1cc204ed48ad3b37840f39efc, type: 3}
  m_Name: 
  m_EditorClassIdentifier: 
  m_Material: {fileID: 0}
  m_Color: {r: 1, g: 1, b: 1, a: 1}
  m_RaycastTarget: 1
  m_Maskable: 1
  m_OnCullStateChanged:
    m_PersistentCalls:
      m_Calls: []
  m_Sprite: {fileID: 10905, guid: 0000000000000000f000000000000000, type: 0}
  m_Type: 1
  m_PreserveAspect: 0
  m_FillCenter: 1
  m_FillMethod: 4
  m_FillAmount: 1
  m_FillClockwise: 1
  m_FillOrigin: 0
  m_UseSpriteMesh: 0
  m_PixelsPerUnitMultiplier: 1
--- !u!114 &2775410396734903755
MonoBehaviour:
  m_ObjectHideFlags: 0
  m_CorrespondingSourceObject: {fileID: 0}
  m_PrefabInstance: {fileID: 0}
  m_PrefabAsset: {fileID: 0}
  m_GameObject: {fileID: 2775410396734903753}
  m_Enabled: 1
  m_EditorHideFlags: 0
  m_Script: {fileID: 11500000, guid: 4e29b1a8efbd4b44bb3f3716e73f07ff, type: 3}
  m_Name: 
  m_EditorClassIdentifier: 
  m_Navigation:
    m_Mode: 3
    m_SelectOnUp: {fileID: 0}
    m_SelectOnDown: {fileID: 0}
    m_SelectOnLeft: {fileID: 0}
    m_SelectOnRight: {fileID: 0}
  m_Transition: 1
  m_Colors:
    m_NormalColor: {r: 1, g: 1, b: 1, a: 1}
    m_HighlightedColor: {r: 0.9607843, g: 0.9607843, b: 0.9607843, a: 1}
    m_PressedColor: {r: 0.78431374, g: 0.78431374, b: 0.78431374, a: 1}
    m_SelectedColor: {r: 0.9607843, g: 0.9607843, b: 0.9607843, a: 1}
    m_DisabledColor: {r: 0.78431374, g: 0.78431374, b: 0.78431374, a: 0.5019608}
    m_ColorMultiplier: 1
    m_FadeDuration: 0.1
  m_SpriteState:
    m_HighlightedSprite: {fileID: 0}
    m_PressedSprite: {fileID: 0}
    m_SelectedSprite: {fileID: 0}
    m_DisabledSprite: {fileID: 0}
  m_AnimationTriggers:
    m_NormalTrigger: Normal
    m_HighlightedTrigger: Highlighted
    m_PressedTrigger: Pressed
    m_SelectedTrigger: Selected
    m_DisabledTrigger: Disabled
  m_Interactable: 1
  m_TargetGraphic: {fileID: 2775410396734903756}
  m_OnClick:
    m_PersistentCalls:
      m_Calls:
      - m_Target: {fileID: 2775410398313951021}
        m_MethodName: OnButtonStartGame
        m_Mode: 1
        m_Arguments:
          m_ObjectArgument: {fileID: 0}
          m_ObjectArgumentAssemblyTypeName: UnityEngine.Object, UnityEngine
          m_IntArgument: 0
          m_FloatArgument: 0
          m_StringArgument: 
          m_BoolArgument: 0
        m_CallState: 2
--- !u!114 &3071128445819132878
MonoBehaviour:
  m_ObjectHideFlags: 0
  m_CorrespondingSourceObject: {fileID: 0}
  m_PrefabInstance: {fileID: 0}
  m_PrefabAsset: {fileID: 0}
  m_GameObject: {fileID: 2775410396734903753}
  m_Enabled: 1
  m_EditorHideFlags: 0
  m_Script: {fileID: 11500000, guid: 833ff2c23ae04f64cb45bbea59013123, type: 3}
  m_Name: 
  m_EditorClassIdentifier: 
  SoundTap: 2
--- !u!1 &2775410397269463429
GameObject:
  m_ObjectHideFlags: 0
  m_CorrespondingSourceObject: {fileID: 0}
  m_PrefabInstance: {fileID: 0}
  m_PrefabAsset: {fileID: 0}
  serializedVersion: 6
  m_Component:
  - component: {fileID: 2775410397269463430}
  - component: {fileID: 2775410397269463431}
  m_Layer: 5
  m_Name: RectPlayers
  m_TagString: Untagged
  m_Icon: {fileID: 0}
  m_NavMeshLayer: 0
  m_StaticEditorFlags: 0
  m_IsActive: 1
--- !u!224 &2775410397269463430
RectTransform:
  m_ObjectHideFlags: 0
  m_CorrespondingSourceObject: {fileID: 0}
  m_PrefabInstance: {fileID: 0}
  m_PrefabAsset: {fileID: 0}
  m_GameObject: {fileID: 2775410397269463429}
  m_LocalRotation: {x: 0, y: 0, z: 0, w: 1}
  m_LocalPosition: {x: 0, y: 0, z: 0}
  m_LocalScale: {x: 1, y: 1, z: 1}
  m_Children: []
  m_Father: {fileID: 2775410398313951020}
  m_RootOrder: 1
  m_LocalEulerAnglesHint: {x: 0, y: 0, z: 0}
  m_AnchorMin: {x: 0, y: 0.5}
  m_AnchorMax: {x: 1, y: 0.5}
  m_AnchoredPosition: {x: 0, y: 70}
  m_SizeDelta: {x: 0, y: 500}
  m_Pivot: {x: 0.5, y: 0.5}
--- !u!114 &2775410397269463431
MonoBehaviour:
  m_ObjectHideFlags: 0
  m_CorrespondingSourceObject: {fileID: 0}
  m_PrefabInstance: {fileID: 0}
  m_PrefabAsset: {fileID: 0}
  m_GameObject: {fileID: 2775410397269463429}
  m_Enabled: 1
  m_EditorHideFlags: 0
  m_Script: {fileID: 11500000, guid: 30649d3a9faa99c48a7b1166b86bf2a0, type: 3}
  m_Name: 
  m_EditorClassIdentifier: 
  m_Padding:
    m_Left: 0
    m_Right: 0
    m_Top: 0
    m_Bottom: 0
  m_ChildAlignment: 4
  m_Spacing: 0
  m_ChildForceExpandWidth: 1
  m_ChildForceExpandHeight: 1
  m_ChildControlWidth: 0
  m_ChildControlHeight: 0
  m_ChildScaleWidth: 0
  m_ChildScaleHeight: 0
--- !u!1 &2775410398188856724
GameObject:
  m_ObjectHideFlags: 0
  m_CorrespondingSourceObject: {fileID: 0}
  m_PrefabInstance: {fileID: 0}
  m_PrefabAsset: {fileID: 0}
  serializedVersion: 6
  m_Component:
  - component: {fileID: 2775410398188856725}
  - component: {fileID: 2775410398188856727}
  - component: {fileID: 2775410398188856726}
  m_Layer: 5
  m_Name: BG
  m_TagString: Untagged
  m_Icon: {fileID: 0}
  m_NavMeshLayer: 0
  m_StaticEditorFlags: 0
  m_IsActive: 1
--- !u!224 &2775410398188856725
RectTransform:
  m_ObjectHideFlags: 0
  m_CorrespondingSourceObject: {fileID: 0}
  m_PrefabInstance: {fileID: 0}
  m_PrefabAsset: {fileID: 0}
  m_GameObject: {fileID: 2775410398188856724}
  m_LocalRotation: {x: 0, y: 0, z: 0, w: 1}
  m_LocalPosition: {x: 0, y: 0, z: 0}
  m_LocalScale: {x: 1, y: 1, z: 1}
  m_Children: []
  m_Father: {fileID: 2775410398313951020}
  m_RootOrder: 0
  m_LocalEulerAnglesHint: {x: 0, y: 0, z: 0}
  m_AnchorMin: {x: 0, y: 0}
  m_AnchorMax: {x: 1, y: 1}
  m_AnchoredPosition: {x: 0, y: 0}
  m_SizeDelta: {x: 0, y: 0}
  m_Pivot: {x: 0.5, y: 0.5}
--- !u!222 &2775410398188856727
CanvasRenderer:
  m_ObjectHideFlags: 0
  m_CorrespondingSourceObject: {fileID: 0}
  m_PrefabInstance: {fileID: 0}
  m_PrefabAsset: {fileID: 0}
  m_GameObject: {fileID: 2775410398188856724}
  m_CullTransparentMesh: 0
--- !u!114 &2775410398188856726
MonoBehaviour:
  m_ObjectHideFlags: 0
  m_CorrespondingSourceObject: {fileID: 0}
  m_PrefabInstance: {fileID: 0}
  m_PrefabAsset: {fileID: 0}
  m_GameObject: {fileID: 2775410398188856724}
  m_Enabled: 1
  m_EditorHideFlags: 0
  m_Script: {fileID: 11500000, guid: fe87c0e1cc204ed48ad3b37840f39efc, type: 3}
  m_Name: 
  m_EditorClassIdentifier: 
  m_Material: {fileID: 0}
  m_Color: {r: 1, g: 1, b: 1, a: 1}
  m_RaycastTarget: 1
  m_Maskable: 1
  m_OnCullStateChanged:
    m_PersistentCalls:
      m_Calls: []
  m_Sprite: {fileID: 21300000, guid: 73a587d38990a844d875438ada44888b, type: 3}
  m_Type: 0
  m_PreserveAspect: 0
  m_FillCenter: 1
  m_FillMethod: 4
  m_FillAmount: 1
  m_FillClockwise: 1
  m_FillOrigin: 0
  m_UseSpriteMesh: 0
  m_PixelsPerUnitMultiplier: 1
--- !u!1 &2775410398313951019
GameObject:
  m_ObjectHideFlags: 0
  m_CorrespondingSourceObject: {fileID: 0}
  m_PrefabInstance: {fileID: 0}
  m_PrefabAsset: {fileID: 0}
  serializedVersion: 6
  m_Component:
  - component: {fileID: 2775410398313951020}
  - component: {fileID: 2775410398313951009}
  - component: {fileID: 2775410398313951008}
  - component: {fileID: 2775410398313951023}
  - component: {fileID: 2775410398313951022}
  - component: {fileID: 2775410398313951021}
  m_Layer: 5
  m_Name: HUDRoomWaitng
  m_TagString: Untagged
  m_Icon: {fileID: 0}
  m_NavMeshLayer: 0
  m_StaticEditorFlags: 0
  m_IsActive: 1
--- !u!224 &2775410398313951020
RectTransform:
  m_ObjectHideFlags: 0
  m_CorrespondingSourceObject: {fileID: 0}
  m_PrefabInstance: {fileID: 0}
  m_PrefabAsset: {fileID: 0}
  m_GameObject: {fileID: 2775410398313951019}
  m_LocalRotation: {x: 0, y: 0, z: 0, w: 1}
  m_LocalPosition: {x: 0, y: 0, z: 0}
  m_LocalScale: {x: 1, y: 1, z: 1}
  m_Children:
  - {fileID: 2775410398188856725}
  - {fileID: 2775410397269463430}
  - {fileID: 2775410396734903754}
  m_Father: {fileID: 0}
  m_RootOrder: 0
  m_LocalEulerAnglesHint: {x: 0, y: 0, z: 0}
  m_AnchorMin: {x: 0, y: 0}
  m_AnchorMax: {x: 1, y: 1}
  m_AnchoredPosition: {x: 0, y: 0}
  m_SizeDelta: {x: 0, y: 0}
  m_Pivot: {x: 0.5, y: 0.5}
--- !u!223 &2775410398313951009
Canvas:
  m_ObjectHideFlags: 0
  m_CorrespondingSourceObject: {fileID: 0}
  m_PrefabInstance: {fileID: 0}
  m_PrefabAsset: {fileID: 0}
  m_GameObject: {fileID: 2775410398313951019}
  m_Enabled: 1
  serializedVersion: 3
  m_RenderMode: 2
  m_Camera: {fileID: 0}
  m_PlaneDistance: 100
  m_PixelPerfect: 0
  m_ReceivesEvents: 1
  m_OverrideSorting: 0
  m_OverridePixelPerfect: 0
  m_SortingBucketNormalizedSize: 0
  m_AdditionalShaderChannelsFlag: 25
  m_SortingLayerID: 0
  m_SortingOrder: 0
  m_TargetDisplay: 0
--- !u!114 &2775410398313951008
MonoBehaviour:
  m_ObjectHideFlags: 0
  m_CorrespondingSourceObject: {fileID: 0}
  m_PrefabInstance: {fileID: 0}
  m_PrefabAsset: {fileID: 0}
  m_GameObject: {fileID: 2775410398313951019}
  m_Enabled: 1
  m_EditorHideFlags: 0
  m_Script: {fileID: 11500000, guid: dc42784cf147c0c48a680349fa168899, type: 3}
  m_Name: 
  m_EditorClassIdentifier: 
  m_IgnoreReversedGraphics: 1
  m_BlockingObjects: 0
  m_BlockingMask:
    serializedVersion: 2
    m_Bits: 4294967295
--- !u!225 &2775410398313951023
CanvasGroup:
  m_ObjectHideFlags: 0
  m_CorrespondingSourceObject: {fileID: 0}
  m_PrefabInstance: {fileID: 0}
  m_PrefabAsset: {fileID: 0}
  m_GameObject: {fileID: 2775410398313951019}
  m_Enabled: 1
  m_Alpha: 1
  m_Interactable: 1
  m_BlocksRaycasts: 1
  m_IgnoreParentGroups: 0
--- !u!114 &2775410398313951022
MonoBehaviour:
  m_ObjectHideFlags: 0
  m_CorrespondingSourceObject: {fileID: 0}
  m_PrefabInstance: {fileID: 0}
  m_PrefabAsset: {fileID: 0}
  m_GameObject: {fileID: 2775410398313951019}
  m_Enabled: 1
  m_EditorHideFlags: 0
  m_Script: {fileID: 11500000, guid: 314affd16bceddb4c99fbaa07de901d9, type: 3}
  m_Name: 
  m_EditorClassIdentifier: 
  DebugMode: 0
  StartPosition: {x: 0, y: 0, z: 0}
  StartRotation: {x: 0, y: 0, z: 0}
  StartScale: {x: 1, y: 1, z: 1}
  StartAlpha: 1
  AutoHideAfterShow: 0
  AutoHideAfterShowDelay: 3
  AutoSelectButtonAfterShow: 0
  BehaviorAtStart: 0
  CustomStartAnchoredPosition: {x: 0, y: 0, z: 0}
  DeselectAnyButtonSelectedOnHide: 0
  DeselectAnyButtonSelectedOnShow: 0
  DisableCanvasWhenHidden: 1
  DisableGameObjectWhenHidden: 1
  DisableGraphicRaycasterWhenHidden: 1
  HideBehavior:
    Animation:
      AnimationType: 2
      Move:
        AnimationType: 2
        Enabled: 1
        From: {x: 0, y: 0, z: 0}
        To: {x: 0, y: 0, z: 0}
        By: {x: 0, y: 0, z: 0}
        UseCustomFromAndTo: 0
        Vibrato: 10
        Elasticity: 1
        NumberOfLoops: -1
        LoopType: 1
        Direction: 2
        CustomPosition: {x: 0, y: 0, z: 0}
        EaseType: 0
        Ease: 17
        AnimationCurve:
          serializedVersion: 2
          m_Curve:
          - serializedVersion: 3
            time: 0
            value: 0
            inSlope: 2.7912683
            outSlope: 2.7912683
            tangentMode: 0
            weightedMode: 0
            inWeight: 0.33333334
            outWeight: 0.33333334
          - serializedVersion: 3
            time: 0.1591474
            value: 0.27871615
            inSlope: -3.5244074
            outSlope: -3.5244074
            tangentMode: 0
            weightedMode: 0
            inWeight: 0.33333334
            outWeight: 0.33333334
          - serializedVersion: 3
            time: 0.36119476
            value: 0.4033309
            inSlope: -2.5759792
            outSlope: -2.5759792
            tangentMode: 0
            weightedMode: 0
            inWeight: 0.33333334
            outWeight: 0.33333334
          - serializedVersion: 3
            time: 0.6268808
            value: 0.69904834
            inSlope: -2.6110096
            outSlope: -2.6110096
            tangentMode: 0
            weightedMode: 0
            inWeight: 0.33333334
            outWeight: 0.33333334
          - serializedVersion: 3
            time: 0.8133894
            value: 0.8256105
            inSlope: -1.7523863
            outSlope: -1.7523863
            tangentMode: 0
            weightedMode: 0
            inWeight: 0.33333334
            outWeight: 0.33333334
          - serializedVersion: 3
            time: 1
            value: 1
            inSlope: 1
            outSlope: 1
            tangentMode: 0
            weightedMode: 0
            inWeight: 0.33333334
            outWeight: 0.33333334
          m_PreInfinity: 2
          m_PostInfinity: 2
          m_RotationOrder: 4
        StartDelay: 0
        Duration: 0.4
      Rotate:
        AnimationType: 2
        Enabled: 0
        From: {x: 0, y: 0, z: 0}
        To: {x: 0, y: 0, z: -15}
        By: {x: 0, y: 0, z: 0}
        UseCustomFromAndTo: 0
        Vibrato: 10
        Elasticity: 1
        NumberOfLoops: -1
        LoopType: 1
        RotateMode: 0
        EaseType: 0
        Ease: 26
        AnimationCurve:
          serializedVersion: 2
          m_Curve:
          - serializedVersion: 3
            time: 0
            value: 0
            inSlope: 0
            outSlope: 0
            tangentMode: 0
            weightedMode: 0
            inWeight: 0.33333334
            outWeight: 0.33333334
          - serializedVersion: 3
            time: 0.11010569
            value: -0.52979636
            inSlope: -0.09897425
            outSlope: -0.09897425
            tangentMode: 0
            weightedMode: 0
            inWeight: 0.33333334
            outWeight: 0.33333334
          - serializedVersion: 3
            time: 0.30155796
            value: 0.36527365
            inSlope: 3.563434
            outSlope: 3.563434
            tangentMode: 0
            weightedMode: 0
            inWeight: 0.33333334
            outWeight: 0.33333334
          - serializedVersion: 3
            time: 0.57162184
            value: 0.38124081
            inSlope: -0.6628676
            outSlope: -0.6628676
            tangentMode: 0
            weightedMode: 0
            inWeight: 0.33333334
            outWeight: 0.33333334
          - serializedVersion: 3
            time: 0.7800347
            value: 0.8052885
            inSlope: -1.4501308
            outSlope: -1.4501308
            tangentMode: 0
            weightedMode: 0
            inWeight: 0.33333334
            outWeight: 0.33333334
          - serializedVersion: 3
            time: 0.88723725
            value: 0.90770274
            inSlope: -1.0686089
            outSlope: -1.0686089
            tangentMode: 0
            weightedMode: 0
            inWeight: 0.33333334
            outWeight: 0.33333334
          - serializedVersion: 3
            time: 1
            value: 1
            inSlope: 0.27951962
            outSlope: 0.27951962
            tangentMode: 0
            weightedMode: 0
            inWeight: 0.33333334
            outWeight: 0.33333334
          m_PreInfinity: 2
          m_PostInfinity: 2
          m_RotationOrder: 4
        StartDelay: 0.3
        Duration: 0.45
      Scale:
        AnimationType: 2
        Enabled: 1
        From: {x: 0, y: 0, z: 0}
        To: {x: 0, y: 0, z: 1}
        By: {x: 0, y: 0, z: 0}
        UseCustomFromAndTo: 0
        Vibrato: 10
        Elasticity: 1
        NumberOfLoops: -1
        LoopType: 1
        EaseType: 0
        Ease: 26
        AnimationCurve:
          serializedVersion: 2
          m_Curve:
          - serializedVersion: 3
            time: 0
            value: 0
            inSlope: -5.9445815
            outSlope: -5.9445815
            tangentMode: 0
            weightedMode: 0
            inWeight: 0.33333334
            outWeight: 0.33333334
          - serializedVersion: 3
            time: 0.16861793
            value: -0.6560375
            inSlope: 1.6450882
            outSlope: 1.6450882
            tangentMode: 0
            weightedMode: 0
            inWeight: 0.33333334
            outWeight: 0.33333334
          - serializedVersion: 3
            time: 0.39923504
            value: 1.2821069
            inSlope: 0.10174093
            outSlope: 0.10174093
            tangentMode: 0
            weightedMode: 0
            inWeight: 0.33333334
            outWeight: 0.33333334
          - serializedVersion: 3
            time: 0.5896755
            value: 0.7484784
            inSlope: 1.7945546
            outSlope: 1.7945546
            tangentMode: 0
            weightedMode: 0
            inWeight: 0.33333334
            outWeight: 0.33333334
          - serializedVersion: 3
            time: 1
            value: 1
            inSlope: 0
            outSlope: 0
            tangentMode: 0
            weightedMode: 0
            inWeight: 0.33333334
            outWeight: 0.33333334
          m_PreInfinity: 2
          m_PostInfinity: 2
          m_RotationOrder: 4
        StartDelay: 0
        Duration: 0.8
      Fade:
        AnimationType: 2
        Enabled: 0
        From: 0
        To: 0
        By: 0.5
        UseCustomFromAndTo: 0
        NumberOfLoops: -1
        LoopType: 1
        EaseType: 0
        Ease: 1
        AnimationCurve:
          serializedVersion: 2
          m_Curve: []
          m_PreInfinity: 2
          m_PostInfinity: 2
          m_RotationOrder: 4
        StartDelay: 0.4
        Duration: 0.2
    AutoStartLoopAnimation: 1
    LoadSelectedPresetAtRuntime: 0
    InstantAnimation: 0
    OnFinished:
      AnimatorEvents: []
      Effect:
        AutoSort: 1
        Behavior: 0
        CustomSortingOrder: 0
        SortingSteps: 1
        ParticleSystem: {fileID: 0}
        StopBehavior: 1
        CustomSortingLayer: Default
      Event:
        m_PersistentCalls:
          m_Calls: []
      GameEvents: []
      SoundData:
        SoundSource: 0
        DatabaseName: General
        SoundName: No Sound
        AudioClip: {fileID: 0}
        OutputAudioMixerGroup: {fileID: 0}
    OnStart:
      AnimatorEvents: []
      Effect:
        AutoSort: 1
        Behavior: 0
        CustomSortingOrder: 0
        SortingSteps: 1
        ParticleSystem: {fileID: 0}
        StopBehavior: 1
        CustomSortingLayer: Default
      Event:
        m_PersistentCalls:
          m_Calls: []
      GameEvents: []
      SoundData:
        SoundSource: 0
        DatabaseName: General
        SoundName: No Sound
        AudioClip: {fileID: 0}
        OutputAudioMixerGroup: {fileID: 0}
    PresetCategory: Slide
    PresetName: CardUp
  HideProgressor: {fileID: 0}
  LoopBehavior:
    Animation:
      AnimationType: 3
      Move:
        AnimationType: 3
        Enabled: 0
        From: {x: 0, y: 0, z: 0}
        To: {x: 0, y: 0, z: 0}
        By: {x: 0, y: 0, z: 0}
        UseCustomFromAndTo: 0
        Vibrato: 10
        Elasticity: 1
        NumberOfLoops: -1
        LoopType: 1
        Direction: 0
        CustomPosition: {x: 0, y: 0, z: 0}
        EaseType: 0
        Ease: 1
        AnimationCurve:
          serializedVersion: 2
          m_Curve: []
          m_PreInfinity: 2
          m_PostInfinity: 2
          m_RotationOrder: 4
        StartDelay: 0
        Duration: 1
      Rotate:
        AnimationType: 3
        Enabled: 0
        From: {x: 0, y: 0, z: 0}
        To: {x: 0, y: 0, z: 0}
        By: {x: 0, y: 0, z: 0}
        UseCustomFromAndTo: 0
        Vibrato: 10
        Elasticity: 1
        NumberOfLoops: -1
        LoopType: 1
        RotateMode: 1
        EaseType: 0
        Ease: 1
        AnimationCurve:
          serializedVersion: 2
          m_Curve: []
          m_PreInfinity: 2
          m_PostInfinity: 2
          m_RotationOrder: 4
        StartDelay: 0
        Duration: 1
      Scale:
        AnimationType: 3
        Enabled: 0
        From: {x: 0, y: 0, z: 0}
        To: {x: 0, y: 0, z: 0}
        By: {x: 0, y: 0, z: 0}
        UseCustomFromAndTo: 0
        Vibrato: 10
        Elasticity: 1
        NumberOfLoops: -1
        LoopType: 1
        EaseType: 0
        Ease: 1
        AnimationCurve:
          serializedVersion: 2
          m_Curve: []
          m_PreInfinity: 2
          m_PostInfinity: 2
          m_RotationOrder: 4
        StartDelay: 0
        Duration: 1
      Fade:
        AnimationType: 3
        Enabled: 0
        From: 0
        To: 0
        By: 0.5
        UseCustomFromAndTo: 0
        NumberOfLoops: -1
        LoopType: 1
        EaseType: 0
        Ease: 1
        AnimationCurve:
          serializedVersion: 2
          m_Curve: []
          m_PreInfinity: 2
          m_PostInfinity: 2
          m_RotationOrder: 4
        StartDelay: 0
        Duration: 1
    AutoStartLoopAnimation: 1
    LoadSelectedPresetAtRuntime: 0
    InstantAnimation: 0
    OnFinished:
      AnimatorEvents: []
      Effect:
        AutoSort: 1
        Behavior: 0
        CustomSortingOrder: 0
        SortingSteps: 1
        ParticleSystem: {fileID: 0}
        StopBehavior: 1
        CustomSortingLayer: Default
      Event:
        m_PersistentCalls:
          m_Calls: []
      GameEvents: []
      SoundData:
        SoundSource: 0
        DatabaseName: General
        SoundName: No Sound
        AudioClip: {fileID: 0}
        OutputAudioMixerGroup: {fileID: 0}
    OnStart:
      AnimatorEvents: []
      Effect:
        AutoSort: 1
        Behavior: 0
        CustomSortingOrder: 0
        SortingSteps: 1
        ParticleSystem: {fileID: 0}
        StopBehavior: 1
        CustomSortingLayer: Default
      Event:
        m_PersistentCalls:
          m_Calls: []
      GameEvents: []
      SoundData:
        SoundSource: 0
        DatabaseName: General
        SoundName: No Sound
        AudioClip: {fileID: 0}
        OutputAudioMixerGroup: {fileID: 0}
    PresetCategory: Uncategorized
    PresetName: Default
  OnInverseVisibilityChanged:
    m_PersistentCalls:
      m_Calls: []
  OnVisibilityChanged:
    m_PersistentCalls:
      m_Calls: []
  SelectedButton: {fileID: 0}
  ShowBehavior:
    Animation:
      AnimationType: 1
      Move:
        AnimationType: 1
        Enabled: 1
        From: {x: 0, y: 0, z: 0}
        To: {x: 0, y: 0, z: 0}
        By: {x: 0, y: 0, z: 0}
        UseCustomFromAndTo: 0
        Vibrato: 10
        Elasticity: 1
        NumberOfLoops: -1
        LoopType: 1
        Direction: 2
        CustomPosition: {x: 0, y: 0, z: 0}
        EaseType: 0
        Ease: 18
        AnimationCurve:
          serializedVersion: 2
          m_Curve:
          - serializedVersion: 3
            time: 0
            value: 0
            inSlope: 0
            outSlope: 0
            tangentMode: 0
            weightedMode: 0
            inWeight: 0.33333334
            outWeight: 0.33333334
          - serializedVersion: 3
            time: 0.22816835
            value: 1.2861733
            inSlope: -0.08982998
            outSlope: -0.08982998
            tangentMode: 0
            weightedMode: 0
            inWeight: 0.33333334
            outWeight: 0.33333334
          - serializedVersion: 3
            time: 0.6220915
            value: 1.1371747
            inSlope: 0.94856524
            outSlope: 0.94856524
            tangentMode: 0
            weightedMode: 0
            inWeight: 0.33333334
            outWeight: 0.33333334
          - serializedVersion: 3
            time: 0.72613853
            value: 0.73627746
            inSlope: -1.5867386
            outSlope: -1.5867386
            tangentMode: 0
            weightedMode: 0
            inWeight: 0.33333334
            outWeight: 0.33333334
          - serializedVersion: 3
            time: 1
            value: 1
            inSlope: 2
            outSlope: 2
            tangentMode: 0
            weightedMode: 0
            inWeight: 0.33333334
            outWeight: 0.33333334
          m_PreInfinity: 2
          m_PostInfinity: 2
          m_RotationOrder: 4
        StartDelay: 0
        Duration: 0.4
      Rotate:
        AnimationType: 1
        Enabled: 0
        From: {x: 0, y: 0, z: 15}
        To: {x: 0, y: 0, z: 0}
        By: {x: 0, y: 0, z: 0}
        UseCustomFromAndTo: 0
        Vibrato: 10
        Elasticity: 1
        NumberOfLoops: -1
        LoopType: 1
        RotateMode: 0
        EaseType: 0
        Ease: 27
        AnimationCurve:
          serializedVersion: 2
          m_Curve:
          - serializedVersion: 3
            time: 0
            value: 0.0051574707
            inSlope: 0
            outSlope: 0
            tangentMode: 0
            weightedMode: 0
            inWeight: 0.33333334
            outWeight: 0.33333334
          - serializedVersion: 3
            time: 0.048303347
            value: 0.28854316
            inSlope: 7.8732495
            outSlope: 7.8732495
            tangentMode: 0
            weightedMode: 0
            inWeight: 0.33333334
            outWeight: 0.33333334
          - serializedVersion: 3
            time: 0.10184101
            value: -0.07756907
            inSlope: 3.7581615
            outSlope: 3.7581615
            tangentMode: 0
            weightedMode: 0
            inWeight: 0.33333334
            outWeight: 0.33333334
          - serializedVersion: 3
            time: 0.1691427
            value: 0.5604678
            inSlope: 5.091666
            outSlope: 5.091666
            tangentMode: 0
            weightedMode: 0
            inWeight: 0.33333334
            outWeight: 0.33333334
          - serializedVersion: 3
            time: 0.6416942
            value: -0.5875959
            inSlope: 1.8110614
            outSlope: 1.8110614
            tangentMode: 0
            weightedMode: 0
            inWeight: 0.33333334
            outWeight: 0.33333334
          - serializedVersion: 3
            time: 0.9733818
            value: 0.67883307
            inSlope: -4.2502594
            outSlope: -4.2502594
            tangentMode: 0
            weightedMode: 0
            inWeight: 0.33333334
            outWeight: 0.33333334
          - serializedVersion: 3
            time: 0.98996425
            value: 0.88832426
            inSlope: -2.3853254
            outSlope: -2.3853254
            tangentMode: 0
            weightedMode: 0
            inWeight: 0.33333334
            outWeight: 0.33333334
          - serializedVersion: 3
            time: 1
            value: 1.0051575
            inSlope: 2
            outSlope: 2
            tangentMode: 0
            weightedMode: 0
            inWeight: 0.33333334
            outWeight: 0.33333334
          m_PreInfinity: 2
          m_PostInfinity: 2
          m_RotationOrder: 4
        StartDelay: 0.3
        Duration: 0.45
      Scale:
        AnimationType: 1
        Enabled: 1
        From: {x: 0, y: 0, z: 1}
        To: {x: 0, y: 0, z: 0}
        By: {x: 0, y: 0, z: 0}
        UseCustomFromAndTo: 0
        Vibrato: 10
        Elasticity: 1
        NumberOfLoops: -1
        LoopType: 1
        EaseType: 0
        Ease: 27
        AnimationCurve:
          serializedVersion: 2
          m_Curve:
          - serializedVersion: 3
            time: 0
            value: 0
            inSlope: 2
            outSlope: 2
            tangentMode: 0
            weightedMode: 0
            inWeight: 0.33333334
            outWeight: 0.33333334
          - serializedVersion: 3
            time: 0.22024798
            value: 1.9692707
            inSlope: 0.9352582
            outSlope: 0.9352582
            tangentMode: 0
            weightedMode: 0
            inWeight: 0.33333334
            outWeight: 0.33333334
          - serializedVersion: 3
            time: 0.65045136
            value: 1.0910703
            inSlope: 0.5003349
            outSlope: 0.5003349
            tangentMode: 0
            weightedMode: 0
            inWeight: 0.33333334
            outWeight: 0.33333334
          - serializedVersion: 3
            time: 0.7293131
            value: 0.8114508
            inSlope: 1.217737
            outSlope: 1.217737
            tangentMode: 0
            weightedMode: 0
            inWeight: 0.33333334
            outWeight: 0.33333334
          - serializedVersion: 3
            time: 1
            value: 1
            inSlope: -0.943337
            outSlope: -0.943337
            tangentMode: 0
            weightedMode: 0
            inWeight: 0.33333334
            outWeight: 0.33333334
          m_PreInfinity: 2
          m_PostInfinity: 2
          m_RotationOrder: 4
        StartDelay: 0
        Duration: 0.8
      Fade:
        AnimationType: 1
        Enabled: 0
        From: 0
        To: 1
        By: 0.5
        UseCustomFromAndTo: 0
        NumberOfLoops: -1
        LoopType: 1
        EaseType: 0
        Ease: 1
        AnimationCurve:
          serializedVersion: 2
          m_Curve: []
          m_PreInfinity: 2
          m_PostInfinity: 2
          m_RotationOrder: 4
        StartDelay: 0.2
        Duration: 0.2
    AutoStartLoopAnimation: 1
    LoadSelectedPresetAtRuntime: 0
    InstantAnimation: 0
    OnFinished:
      AnimatorEvents: []
      Effect:
        AutoSort: 1
        Behavior: 0
        CustomSortingOrder: 0
        SortingSteps: 1
        ParticleSystem: {fileID: 0}
        StopBehavior: 1
        CustomSortingLayer: Default
      Event:
        m_PersistentCalls:
          m_Calls: []
      GameEvents: []
      SoundData:
        SoundSource: 0
        DatabaseName: General
        SoundName: No Sound
        AudioClip: {fileID: 0}
        OutputAudioMixerGroup: {fileID: 0}
    OnStart:
      AnimatorEvents: []
      Effect:
        AutoSort: 1
        Behavior: 0
        CustomSortingOrder: 0
        SortingSteps: 1
        ParticleSystem: {fileID: 0}
        StopBehavior: 1
        CustomSortingLayer: Default
      Event:
        m_PersistentCalls:
          m_Calls: []
      GameEvents: []
      SoundData:
        SoundSource: 0
        DatabaseName: General
        SoundName: No Sound
        AudioClip: {fileID: 0}
        OutputAudioMixerGroup: {fileID: 0}
    PresetCategory: Slide
    PresetName: CardDown
  ShowProgressor: {fileID: 0}
  TargetOrientation: 2
  UpdateHideProgressorOnShow: 0
  UpdateShowProgressorOnHide: 0
  UseCustomStartAnchoredPosition: 1
  ViewCategory: General
  ViewName: Unnamed
--- !u!114 &2775410398313951021
MonoBehaviour:
  m_ObjectHideFlags: 0
  m_CorrespondingSourceObject: {fileID: 0}
  m_PrefabInstance: {fileID: 0}
  m_PrefabAsset: {fileID: 0}
  m_GameObject: {fileID: 2775410398313951019}
  m_Enabled: 1
  m_EditorHideFlags: 0
  m_Script: {fileID: 11500000, guid: b5fe17ddd57955648b21c3ca9c920454, type: 3}
  m_Name: 
  m_EditorClassIdentifier: 
  _hudType: 4
  _rectPlayers: {fileID: 2775410397269463430}
  _btnStartGame: {fileID: 2775410396734903755}
  _playerWaitViewPrefab: {fileID: -8194374971610906987, guid: 1a6aa47a898a7d34d9076ba329da1e2c,
    type: 3}
--- !u!1 &2775410398362585996
GameObject:
  m_ObjectHideFlags: 0
  m_CorrespondingSourceObject: {fileID: 0}
  m_PrefabInstance: {fileID: 0}
  m_PrefabAsset: {fileID: 0}
  serializedVersion: 6
  m_Component:
  - component: {fileID: 2775410398362585997}
  - component: {fileID: 2775410398362585999}
  - component: {fileID: 2775410398362585998}
  m_Layer: 5
  m_Name: Text (TMP)
  m_TagString: Untagged
  m_Icon: {fileID: 0}
  m_NavMeshLayer: 0
  m_StaticEditorFlags: 0
  m_IsActive: 1
--- !u!224 &2775410398362585997
RectTransform:
  m_ObjectHideFlags: 0
  m_CorrespondingSourceObject: {fileID: 0}
  m_PrefabInstance: {fileID: 0}
  m_PrefabAsset: {fileID: 0}
  m_GameObject: {fileID: 2775410398362585996}
  m_LocalRotation: {x: 0, y: 0, z: 0, w: 1}
  m_LocalPosition: {x: 0, y: 0, z: 0}
  m_LocalScale: {x: 1, y: 1, z: 1}
  m_Children: []
  m_Father: {fileID: 2775410396734903754}
  m_RootOrder: 0
  m_LocalEulerAnglesHint: {x: 0, y: 0, z: 0}
  m_AnchorMin: {x: 0, y: 0}
  m_AnchorMax: {x: 1, y: 1}
  m_AnchoredPosition: {x: 0, y: 0}
  m_SizeDelta: {x: 0, y: 0}
  m_Pivot: {x: 0.5, y: 0.5}
--- !u!222 &2775410398362585999
CanvasRenderer:
  m_ObjectHideFlags: 0
  m_CorrespondingSourceObject: {fileID: 0}
  m_PrefabInstance: {fileID: 0}
  m_PrefabAsset: {fileID: 0}
  m_GameObject: {fileID: 2775410398362585996}
  m_CullTransparentMesh: 0
--- !u!114 &2775410398362585998
MonoBehaviour:
  m_ObjectHideFlags: 0
  m_CorrespondingSourceObject: {fileID: 0}
  m_PrefabInstance: {fileID: 0}
  m_PrefabAsset: {fileID: 0}
  m_GameObject: {fileID: 2775410398362585996}
  m_Enabled: 1
  m_EditorHideFlags: 0
  m_Script: {fileID: 11500000, guid: f4688fdb7df04437aeb418b961361dc5, type: 3}
  m_Name: 
  m_EditorClassIdentifier: 
  m_Material: {fileID: 0}
  m_Color: {r: 1, g: 1, b: 1, a: 1}
  m_RaycastTarget: 1
  m_Maskable: 1
  m_OnCullStateChanged:
    m_PersistentCalls:
      m_Calls: []
  m_text: Start Game
  m_isRightToLeft: 0
  m_fontAsset: {fileID: 11400000, guid: 8f586378b4e144a9851e7b34d9b748ee, type: 2}
  m_sharedMaterial: {fileID: 2180264, guid: 8f586378b4e144a9851e7b34d9b748ee, type: 2}
  m_fontSharedMaterials: []
  m_fontMaterial: {fileID: 0}
  m_fontMaterials: []
  m_fontColor32:
    serializedVersion: 2
    rgba: 4281479730
  m_fontColor: {r: 0.19607843, g: 0.19607843, b: 0.19607843, a: 1}
  m_enableVertexGradient: 0
  m_colorMode: 3
  m_fontColorGradient:
    topLeft: {r: 1, g: 1, b: 1, a: 1}
    topRight: {r: 1, g: 1, b: 1, a: 1}
    bottomLeft: {r: 1, g: 1, b: 1, a: 1}
    bottomRight: {r: 1, g: 1, b: 1, a: 1}
  m_fontColorGradientPreset: {fileID: 0}
  m_spriteAsset: {fileID: 0}
  m_tintAllSprites: 0
  m_StyleSheet: {fileID: 0}
  m_TextStyleHashCode: -1183493901
  m_overrideHtmlColors: 0
  m_faceColor:
    serializedVersion: 2
    rgba: 4294967295
  m_fontSize: 30
  m_fontSizeBase: 30
  m_fontWeight: 400
  m_enableAutoSizing: 0
  m_fontSizeMin: 18
  m_fontSizeMax: 72
  m_fontStyle: 0
  m_HorizontalAlignment: 2
  m_VerticalAlignment: 512
  m_textAlignment: 65535
  m_characterSpacing: 0
  m_wordSpacing: 0
  m_lineSpacing: 0
  m_lineSpacingMax: 0
  m_paragraphSpacing: 0
  m_charWidthMaxAdj: 0
  m_enableWordWrapping: 1
  m_wordWrappingRatios: 0.4
  m_overflowMode: 0
  m_linkedTextComponent: {fileID: 0}
  parentLinkedComponent: {fileID: 0}
  m_enableKerning: 1
  m_enableExtraPadding: 0
  checkPaddingRequired: 0
  m_isRichText: 1
  m_parseCtrlCharacters: 1
  m_isOrthographic: 1
  m_isCullingEnabled: 0
  m_horizontalMapping: 0
  m_verticalMapping: 0
  m_uvLineOffset: 0
  m_geometrySortingOrder: 0
  m_IsTextObjectScaleStatic: 0
  m_VertexBufferAutoSizeReduction: 1
  m_useMaxVisibleDescender: 1
  m_pageToDisplay: 1
  m_margin: {x: 0, y: 0, z: 0, w: 0}
  m_isUsingLegacyAnimationComponent: 0
  m_isVolumetricText: 0
  m_hasFontAssetChanged: 0
  m_baseMaterial: {fileID: 0}
  m_maskOffset: {x: 0, y: 0, z: 0, w: 0}
